<record><leader>00000cas a22000007a 4500</leader><controlfield tag="001">9241424</controlfield><controlfield tag="008">830221u1908uuuuokuwr nea     0   a0eng d</controlfield><datafield ind1=" " ind2=" " tag="010"><subfield code="a">sn 83025099 </subfield></datafield><datafield ind1=" " ind2=" " tag="040"><subfield code="a">WIH</subfield><subfield code="b">eng</subfield><subfield code="c">WIH</subfield><subfield code="d">NPV</subfield><subfield code="d">OCL</subfield><subfield code="d">OCLCF</subfield><subfield code="d">OCLCO</subfield></datafield><datafield ind1="1" ind2=" " tag="029"><subfield code="a">AU@</subfield><subfield code="b">000025807776</subfield></datafield><datafield ind1=" " ind2=" " tag="042"><subfield code="a">msc</subfield></datafield><datafield ind1=" " ind2=" " tag="043"><subfield code="a">n-us-ok</subfield></datafield><datafield ind1=" " ind2=" " tag="045"><subfield code="a">x8x-</subfield></datafield><datafield ind1=" " ind2=" " tag="052"><subfield code="a">4023</subfield><subfield code="b">O3</subfield></datafield><datafield ind1="0" ind2=" " tag="130"><subfield code="a">Castle news (Castle, Okla. : 1908)</subfield></datafield><datafield ind1="0" ind2="4" tag="245"><subfield code="a">The Castle news.</subfield></datafield><datafield ind1=" " ind2=" " tag="260"><subfield code="a">Castle, Okla. :</subfield><subfield code="b">[s.n.],</subfield><subfield code="c">1908-</subfield></datafield><datafield ind1=" " ind2=" " tag="300"><subfield code="a">v. :</subfield><subfield code="b">ill.</subfield></datafield><datafield ind1="0" ind2=" " tag="362"><subfield code="a">Vol. 1, no. 1 (Apr. 2, 1908)-</subfield></datafield><datafield ind1=" " ind2=" " tag="521"><subfield code="a">"Black newspaper."  Cf. Black periodicals and newspapers, 1979.</subfield></datafield><datafield ind1=" " ind2=" " tag="500"><subfield code="a">Editors: Apr. 2-&lt;June 25&gt;, 1908, S.H. Austin; &lt;July 9-23, 1908&gt;, J.Y. Bryce.</subfield></datafield><datafield ind1=" " ind2="0" tag="650"><subfield code="a">African Americans</subfield><subfield code="z">Oklahoma.</subfield></datafield><datafield ind1=" " ind2="7" tag="650"><subfield code="a">African Americans.</subfield><subfield code="2">fast</subfield><subfield code="0">(OCoLC)fst00799558</subfield></datafield><datafield ind1=" " ind2="7" tag="651"><subfield code="a">Oklahoma.</subfield><subfield code="2">fast</subfield><subfield code="0">(OCoLC)fst01205031</subfield></datafield><datafield ind1="1" ind2=" " tag="700"><subfield code="a">Austin, S. H.</subfield></datafield><datafield ind1="1" ind2=" " tag="700"><subfield code="a">Bryce, J. Y.</subfield></datafield><datafield ind1=" " ind2=" " tag="752"><subfield code="a">United States</subfield><subfield code="b">Oklahoma</subfield><subfield code="c">Okfuskee</subfield><subfield code="d">Castle</subfield></datafield></record>